<record><leader>00000cas a22000007a 4500</leader><controlfield tag="001">17300499</controlfield><controlfield tag="008">871231d19662011inumr nd      0    0eng d</controlfield><datafield ind1=" " ind2=" " tag="010"><subfield code="a">sn 87056584 </subfield></datafield><datafield ind1=" " ind2=" " tag="040"><subfield code="a">NPI</subfield><subfield code="b">eng</subfield><subfield code="c">NPI</subfield><subfield code="d">OCL</subfield><subfield code="d">HLS</subfield><subfield code="d">OCLCQ</subfield><subfield code="d">NPI</subfield><subfield code="d">OCLCQ</subfield><subfield code="d">OCLCF</subfield><subfield code="d">OCLCO</subfield><subfield code="d">NPI</subfield></datafield><datafield ind1=" " ind2=" " tag="042"><subfield code="a">msc</subfield></datafield><datafield ind1=" " ind2=" " tag="043"><subfield code="a">n-us-in</subfield></datafield><datafield ind1="0" ind2="4" tag="245"><subfield code="a">The Indiana Jewish post and opinion.</subfield></datafield><datafield ind1="3" ind2="0" tag="246"><subfield code="a">Indiana Jewish post &amp; opinion</subfield></datafield><datafield ind1=" " ind2=" " tag="260"><subfield code="a">Indianapolis, Ind. :</subfield><subfield code="b">Gabriel Cohen,</subfield><subfield code="c">[1966-2011]</subfield></datafield><datafield ind1=" " ind2=" " tag="300"><subfield code="a">45 v. :</subfield><subfield code="b">ill. ;</subfield><subfield code="c">28 cm.</subfield></datafield><datafield ind1=" " ind2=" " tag="310"><subfield code="a">Monthly,</subfield><subfield code="b">Jan. 12, 2011-Apr. 6, 2011</subfield></datafield><datafield ind1=" " ind2=" " tag="321"><subfield code="a">Weekly,</subfield><subfield code="b">Nov. 18, 1966-Aug. 17, 2005</subfield></datafield><datafield ind1=" " ind2=" " tag="321"><subfield code="a">Biweekly,</subfield><subfield code="b">Aug. 31, 2005-Dec. 15, 2010</subfield></datafield><datafield ind1="0" ind2=" " tag="362"><subfield code="a">Vol. 39 [i.e. 33] no. 19 [i.e. 8] (Nov. 18, 1966)-v. 77, no. 9 (Apr. 6, 2011).</subfield></datafield><datafield ind1=" " ind2=" " tag="530"><subfield code="a">Issued also online.</subfield></datafield><datafield ind1=" " ind2=" " tag="580"><subfield code="a">Also published in a national ed.</subfield></datafield><datafield ind1=" " ind2="0" tag="650"><subfield code="a">Jewish newspapers</subfield><subfield code="z">Indiana.</subfield></datafield><datafield ind1=" " ind2="7" tag="650"><subfield code="a">Jewish newspapers.</subfield><subfield code="2">fast</subfield><subfield code="0">(OCoLC)fst00982872</subfield></datafield><datafield ind1=" " ind2="7" tag="651"><subfield code="a">Indiana.</subfield><subfield code="2">fast</subfield><subfield code="0">(OCoLC)fst01204604</subfield></datafield><datafield ind1=" " ind2=" " tag="752"><subfield code="a">United States</subfield><subfield code="b">Indiana</subfield><subfield code="c">Marion</subfield><subfield code="d">Indianapolis.</subfield></datafield><datafield ind1="1" ind2=" " tag="775"><subfield code="t">Jewish post and opinion</subfield><subfield code="w">(DLC)sn 78004082</subfield><subfield code="w">(OCoLC)3431463</subfield></datafield><datafield ind1="1" ind2=" " tag="775"><subfield code="t">National Jewish post &amp; opinion (National ed. : 1984)</subfield><subfield code="w">(DLC)sn 86013720</subfield><subfield code="w">(OCoLC)13448139</subfield></datafield><datafield ind1="0" ind2="0" tag="780"><subfield code="t">National Jewish post and opinion (Indiana ed.)</subfield><subfield code="w">(DLC)sn 87056583</subfield><subfield code="w">(OCoLC)17300754</subfield></datafield><datafield ind1="0" ind2="0" tag="785"><subfield code="t">Jewish post &amp; opinion (Indiana edition)</subfield><subfield code="w">(OCoLC)907646719</subfield></datafield><datafield ind1="4" ind2="1" tag="856"><subfield code="3">1966-2005</subfield><subfield code="u">http://www.ulib.iupui.edu/digitalscholarship/collections/JPO</subfield></datafield><datafield ind1="4" ind2="1" tag="856"><subfield code="3">2009-2011</subfield><subfield code="u">http://jewishpostopinion.com/?page_id=1082</subfield></datafield><datafield ind1="1" ind2=" " tag="029"><subfield code="a">AU@</subfield><subfield code="b">000025828461</subfield></datafield></record>